<?xml version="1.0" encoding="UTF-8"?><collection xmlns="http://www.loc.gov/MARC21/slim"><record><leader>00483nam--2200169-i-4500</leader><controlfield tag="001">000014118</controlfield><controlfield tag="002">20161230</controlfield><controlfield tag="005">20170115221444</controlfield><controlfield tag="008">060222s1000------------r-----000-0-eng-d</controlfield><datafield ind1=" " ind2=" " tag="080"><subfield code="a">681.5.012:681.3</subfield></datafield><datafield ind1=" " ind2=" " tag="100"><subfield code="a">Bezdek, James C</subfield></datafield><datafield ind1=" " ind2=" " tag="245"><subfield code="a">Pattern recognition with fuzzy objective function algorithms</subfield></datafield><datafield ind1=" " ind2=" " tag="260"><subfield code="a">New York</subfield><subfield code="b">Plenum Press</subfield><subfield code="c">1981</subfield></datafield><datafield ind1=" " ind2=" " tag="300"><subfield code="a">XV + 256 p</subfield></datafield><datafield ind1=" " ind2=" " tag="490"><subfield code="a">Advances Applications In Pattern Recognition</subfield></datafield><datafield ind1=" " ind2=" " tag="852"><subfield code="a">70093</subfield></datafield><datafield ind1=" " ind2=" " tag="CAT"><subfield code="a">SYS</subfield><subfield code="c">20170115</subfield><subfield code="h">221444</subfield></datafield></record></collection>